<record><leader>00000nas a22000007i 4500</leader><controlfield tag="001">845339558</controlfield><controlfield tag="008">130531c19079999scuwr n       |   a0eng  </controlfield><datafield ind1=" " ind2=" " tag="010"><subfield code="a">  2013202938</subfield></datafield><datafield ind1=" " ind2=" " tag="040"><subfield code="a">DLC</subfield><subfield code="c">DLC</subfield><subfield code="b">eng</subfield><subfield code="e">rda</subfield></datafield><datafield ind1=" " ind2=" " tag="012"><subfield code="l">1</subfield></datafield><datafield ind1="0" ind2=" " tag="022"><subfield code="a">2329-3071</subfield><subfield code="2">1</subfield></datafield><datafield ind1=" " ind2=" " tag="037"><subfield code="b">The Tiger News, 315 Hendrix Student Center, Clemson University, Clemson, SC, 29633-1586</subfield><subfield code="c">free (single)</subfield><subfield code="c">$35.00 (semester subscription)</subfield><subfield code="c">$60.00 (1 yr. subscription)</subfield></datafield><datafield ind1=" " ind2=" " tag="042"><subfield code="a">pcc</subfield><subfield code="a">nsdp</subfield></datafield><datafield ind1="1" ind2="0" tag="050"><subfield code="a">ISSN RECORD</subfield></datafield><datafield ind1="1" ind2="0" tag="082"><subfield code="a">071</subfield><subfield code="2">23</subfield></datafield><datafield ind1=" " ind2="4" tag="222"><subfield code="a">The Tiger</subfield><subfield code="b">(Clemson. Print)</subfield></datafield><datafield ind1="0" ind2="4" tag="245"><subfield code="a">The Tiger.</subfield></datafield><datafield ind1=" " ind2="1" tag="264"><subfield code="a">Clemson, SC :</subfield><subfield code="b">The Tiger News,</subfield><subfield code="c">1907-</subfield></datafield><datafield ind1=" " ind2=" " tag="310"><subfield code="a">Weekly</subfield></datafield><datafield ind1=" " ind2=" " tag="336"><subfield code="a">text</subfield><subfield code="b">txt</subfield><subfield code="2">rdacontent</subfield></datafield><datafield ind1=" " ind2=" " tag="337"><subfield code="a">unmediated</subfield><subfield code="b">n</subfield><subfield code="2">rdamedia</subfield></datafield><datafield ind1=" " ind2=" " tag="338"><subfield code="a">volume</subfield><subfield code="b">nc</subfield><subfield code="2">rdacarrier</subfield></datafield><datafield ind1="1" ind2=" " tag="362"><subfield code="a">Began with Volume 1, issue 1 (January 21, 1907)?</subfield></datafield><datafield ind1=" " ind2=" " tag="588"><subfield code="a">Description based on: Volume 107, issue 2 (January 25, 2013); title from caption.</subfield></datafield><datafield ind1=" " ind2=" " tag="588"><subfield code="a">Latest issue consulted: Volume 107, issue 13 (April 26, 2013).</subfield></datafield><datafield ind1="0" ind2="8" tag="776"><subfield code="i">Online version:</subfield><subfield code="t">The tiger news</subfield><subfield code="x">2329-3063</subfield><subfield code="w">(DLC)  2013202939</subfield><subfield code="w">(OCoLC)845342429</subfield></datafield><datafield ind1="4" ind2="1" tag="856"><subfield code="u">http://www.thetigernews.com</subfield></datafield></record>